<?xml version="1.0" encoding="UTF-8"?><collection xmlns="http://www.loc.gov/MARC21/slim"><record><leader>00407nam--2200121-i-4500</leader><controlfield tag="001">000044283</controlfield><controlfield tag="002">20161230</controlfield><controlfield tag="005">20161230201044</controlfield><controlfield tag="008">060222s1000------------r-----000-0-eng-d</controlfield><datafield ind1=" " ind2=" " tag="245"><subfield code="a">Theory and structure of complex compounds. papers presented at the symposium held in wroclaw, poland, 15-19 june 1962</subfield></datafield><datafield ind1=" " ind2=" " tag="260"><subfield code="a">Oxford, Pergamon Press, 1964, Xii+707p</subfield></datafield><datafield ind1=" " ind2=" " tag="700"><subfield code="a">Jezowska-trzebiatowska,B./S.A.</subfield></datafield><datafield ind1=" " ind2=" " tag="852"><subfield code="a">21141</subfield></datafield></record></collection>